<?xml version="1.0" encoding="UTF-8"?>
<!DOCTYPE html PUBLIC "-//W3C//DTD XHTML 1.0 Transitional//EN"
    "http://www.w3.org/TR/xhtml1/DTD/xhtml1-transitional.dtd">
<html xmlns="http://www.w3.org/1999/xhtml" xml:lang="en" lang="en">
 <head>
  <title>
</title>
<meta http-equiv="Content-Type" content="text/html;charset=utf-8" />
  <meta name='ocr-system' content='tesseract 3.04.00' />
  <meta name='ocr-capabilities' content='ocr_page ocr_carea ocr_par ocr_line ocrx_word'/>
</head>
<body>
  <div class='ocr_page' id='page_1' title='image "./entomostracaseui00ml_0010.png"; bbox 0 0 2043 2772; ppageno 0'>
   <div class='ocr_carea' id='block_1_1' title="bbox 554 207 579 237">
    <p class='ocr_par' dir='ltr' id='par_1_1' title="bbox 554 207 579 237">
     <span class='ocr_line' id='line_1_1' title="bbox 554 207 579 237; textangle 90"><span class='ocrx_word' id='word_1_1' title='bbox 554 207 579 237; x_wconf 69' lang='lat' dir='ltr'>u</span> 
     </span>
    </p>
   </div>
   <div class='ocr_carea' id='block_1_2' title="bbox 486 305 1706 1170">
    <p class='ocr_par' dir='ltr' id='par_1_2' title="bbox 486 305 1706 1170">
     <span class='ocr_line' id='line_1_2' title="bbox 612 305 1700 360; baseline 0.001 -14"><span class='ocrx_word' id='word_1_2' title='bbox 612 305 719 347; x_wconf 88' lang='lat' dir='ltr'>Mihi</span> <span class='ocrx_word' id='word_1_3' title='bbox 740 305 1046 360; x_wconf 80' lang='lat' dir='ltr'>phae110men0n</span> <span class='ocrx_word' id='word_1_4' title='bbox 1071 318 1274 360; x_wconf 84' lang='lat' dir='ltr'><strong>perquam</strong></span> <span class='ocrx_word' id='word_1_5' title='bbox 1301 305 1521 360; x_wconf 77' lang='lat' dir='ltr'>singulare,</span> <span class='ocrx_word' id='word_1_6' title='bbox 1552 309 1700 348; x_wconf 81' lang='lat' dir='ltr'>anima-</span> 
     </span>
     <span class='ocr_line' id='line_1_3' title="bbox 488 363 1702 428; baseline 0 -13"><span class='ocrx_word' id='word_1_7' title='bbox 488 375 538 416; x_wconf 92' lang='lat' dir='ltr'>lia</span> <span class='ocrx_word' id='word_1_8' title='bbox 565 375 720 416; x_wconf 90' lang='lat' dir='ltr'>ordinis</span> <span class='ocrx_word' id='word_1_9' title='bbox 745 374 1013 425; x_wconf 59' lang='lat' dir='ltr'>insefftoruim</span> <span class='ocrx_word' id='word_1_10' title='bbox 1056 376 1113 415; x_wconf 86' lang='lat' dir='ltr'>uti</span> <span class='ocrx_word' id='word_1_11' title='bbox 1141 373 1353 428; x_wconf 87' lang='lat' dir='ltr'>conchylia</span> <span class='ocrx_word' id='word_1_12' title='bbox 1377 363 1530 415; x_wconf 80' lang='lat' dir='ltr'>ordinis</span> <span class='ocrx_word' id='word_1_13' title='bbox 1555 377 1702 416; x_wconf 87' lang='lat' dir='ltr'>vermi-</span> 
     </span>
     <span class='ocr_line' id='line_1_4' title="bbox 487 443 1701 497; baseline 0 -13"><span class='ocrx_word' id='word_1_14' title='bbox 487 457 580 493; x_wconf 91' lang='lat' dir='ltr'>um,</span> <span class='ocrx_word' id='word_1_15' title='bbox 622 445 806 497; x_wconf 87' lang='lat' dir='ltr'>tegmine</span> <span class='ocrx_word' id='word_1_16' title='bbox 839 444 1011 483; x_wconf 85' lang='lat' dir='ltr'>testaceo</span> <span class='ocrx_word' id='word_1_17' title='bbox 1043 443 1209 492; x_wconf 84' lang='lat' dir='ltr'>instrui,</span> <span class='ocrx_word' id='word_1_18' title='bbox 1263 456 1419 482; x_wconf 87' lang='lat' dir='ltr'>nomen</span> <span class='ocrx_word' id='word_1_19' title='bbox 1446 444 1701 497; x_wconf 77' lang='lat' dir='ltr'>entomostra-</span> 
     </span>
     <span class='ocr_line' id='line_1_5' title="bbox 486 509 1704 564; baseline -0.001 -11"><span class='ocrx_word' id='word_1_20' title='bbox 486 525 558 553; x_wconf 86' lang='lat' dir='ltr'>con</span> <span class='ocrx_word' id='word_1_21' title='bbox 579 510 799 562; x_wconf 56' lang='lat' dir='ltr'>(infel-,lum</span> <span class='ocrx_word' id='word_1_22' title='bbox 822 513 918 552; x_wconf 89' lang='lat' dir='ltr'>testa</span> <span class='ocrx_word' id='word_1_23' title='bbox 945 510 1119 561; x_wconf 52' lang='lat' dir='ltr'>teclam&gt;</span> <span class='ocrx_word' id='word_1_24' title='bbox 1145 509 1437 564; x_wconf 80' lang='lat' dir='ltr'>suppeditavit,</span> <span class='ocrx_word' id='word_1_25' title='bbox 1471 511 1573 551; x_wconf 89' lang='lat' dir='ltr'>adeo</span> <span class='ocrx_word' id='word_1_26' title='bbox 1593 513 1704 552; x_wconf 90' lang='lat' dir='ltr'>enim</span> 
     </span>
     <span class='ocr_line' id='line_1_6' title="bbox 489 577 1706 634; baseline -0.002 -13"><span class='ocrx_word' id='word_1_27' title='bbox 489 582 715 622; x_wconf 81' lang='lat' dir='ltr'>maximam</span> <span class='ocrx_word' id='word_1_28' title='bbox 745 592 907 634; x_wconf 86' lang='lat' dir='ltr'>partem</span> <span class='ocrx_word' id='word_1_29' title='bbox 933 580 963 630; x_wconf 80' lang='lat'>*)</span> <span class='ocrx_word' id='word_1_30' title='bbox 990 578 1166 619; x_wconf 82' lang='lat' dir='ltr'>conchas</span> <span class='ocrx_word' id='word_1_31' title='bbox 1195 577 1400 629; x_wconf 81' lang='lat' dir='ltr'>referunt,</span> <span class='ocrx_word' id='word_1_32' title='bbox 1444 592 1489 619; x_wconf 85' lang='lat' dir='ltr'>ut</span> <span class='ocrx_word' id='word_1_33' title='bbox 1513 579 1706 634; x_wconf 86' lang='lat' dir='ltr'>quislibet</span> 
     </span>
     <span class='ocr_line' id='line_1_7' title="bbox 487 647 1703 703; baseline -0.001 -14"><span class='ocrx_word' id='word_1_34' title='bbox 487 647 654 703; x_wconf 86' lang='lat' dir='ltr'>hospitis</span> <span class='ocrx_word' id='word_1_35' title='bbox 671 650 838 702; x_wconf 85' lang='lat' dir='ltr'>ignarus</span> <span class='ocrx_word' id='word_1_36' title='bbox 857 647 1077 688; x_wconf 84' lang='lat' dir='ltr'>conchulas</span> <span class='ocrx_word' id='word_1_37' title='bbox 1094 647 1264 697; x_wconf 83' lang='lat' dir='ltr'>diceret,</span> <span class='ocrx_word' id='word_1_38' title='bbox 1296 647 1448 688; x_wconf 85' lang='lat' dir='ltr'>modus</span> <span class='ocrx_word' id='word_1_39' title='bbox 1466 661 1583 697; x_wconf 81' lang='lat' dir='ltr'>vero,</span> <span class='ocrx_word' id='word_1_40' title='bbox 1618 660 1703 702; x_wconf 87' lang='lat' dir='ltr'>quo</span> 
     </span>
     <span class='ocr_line' id='line_1_8' title="bbox 486 714 1704 771; baseline -0.001 -14"><span class='ocrx_word' id='word_1_41' title='bbox 486 730 656 771; x_wconf 84' lang='lat' dir='ltr'>tegmen</span> <span class='ocrx_word' id='word_1_42' title='bbox 673 717 754 757; x_wconf 91' lang='lat' dir='ltr'>hoc</span> <span class='ocrx_word' id='word_1_43' title='bbox 769 714 981 768; x_wconf 82' lang='lat' dir='ltr'>increscat,</span> <span class='ocrx_word' id='word_1_44' title='bbox 1012 717 1185 756; x_wconf 87' lang='lat' dir='ltr'>omnino</span> <span class='ocrx_word' id='word_1_45' title='bbox 1202 718 1427 756; x_wconf 81' lang='lat' dir='ltr'>contrarius</span> <span class='ocrx_word' id='word_1_46' title='bbox 1450 717 1525 768; x_wconf 80' lang='lat' dir='ltr'>est3</span> <span class='ocrx_word' id='word_1_47' title='bbox 1560 718 1601 756; x_wconf 92' lang='lat' dir='ltr'>in</span> <span class='ocrx_word' id='word_1_48' title='bbox 1616 730 1704 756; x_wconf 84' lang='lat' dir='ltr'>ver-</span> 
     </span>
     <span class='ocr_line' id='line_1_9' title="bbox 488 783 1703 837; baseline -0.002 -12"><span class='ocrx_word' id='word_1_49' title='bbox 488 785 625 826; x_wconf 91' lang='lat' dir='ltr'>mibus</span> <span class='ocrx_word' id='word_1_50' title='bbox 659 785 837 826; x_wconf 89' lang='lat' dir='ltr'>testaceis</span> <span class='ocrx_word' id='word_1_51' title='bbox 863 786 997 835; x_wconf 76' lang='lat' dir='ltr'>enim,</span> <span class='ocrx_word' id='word_1_52' title='bbox 1048 795 1093 824; x_wconf 87' lang='lat' dir='ltr'>ut</span> <span class='ocrx_word' id='word_1_53' title='bbox 1115 797 1213 824; x_wconf 88' lang='lat' dir='ltr'>cum</span> <span class='ocrx_word' id='word_1_54' title='bbox 1240 784 1512 824; x_wconf 81' lang='lat' dir='ltr'>REAUMURm</span> <span class='ocrx_word' id='word_1_55' title='bbox 1540 783 1703 837; x_wconf 85' lang='lat' dir='ltr'>loquar,</span> 
     </span>
     <span class='ocr_line' id='line_1_10' title="bbox 486 851 1705 904; baseline -0.003 -9"><span class='ocrx_word' id='word_1_56' title='bbox 486 855 538 895; x_wconf 84' lang='lat' dir='ltr'>ab</span> <span class='ocrx_word' id='word_1_57' title='bbox 561 862 702 903; x_wconf 80' lang='lat' dir='ltr'>extus,</span> <span class='ocrx_word' id='word_1_58' title='bbox 737 854 778 892; x_wconf 92' lang='lat' dir='ltr'>in</span> <span class='ocrx_word' id='word_1_59' title='bbox 797 851 954 893; x_wconf 68' lang='lat' dir='ltr'>infestis</span> <span class='ocrx_word' id='word_1_60' title='bbox 973 854 1151 893; x_wconf 88' lang='lat' dir='ltr'>testaceis</span> <span class='ocrx_word' id='word_1_61' title='bbox 1167 865 1289 901; x_wconf 81' lang='lat' dir='ltr'>vero,</span> <span class='ocrx_word' id='word_1_62' title='bbox 1318 853 1370 894; x_wconf 79' lang='lat' dir='ltr'>ab</span> <span class='ocrx_word' id='word_1_63' title='bbox 1385 854 1501 892; x_wconf 78' lang='lat' dir='ltr'><em>intus</em></span> <span class='ocrx_word' id='word_1_64' title='bbox 1517 864 1705 904; x_wconf 81' lang='lat' dir='ltr'>augetur,</span> 
     </span>
     <span class='ocr_line' id='line_1_11' title="bbox 488 919 1705 976; baseline -0.002 -14"><span class='ocrx_word' id='word_1_65' title='bbox 488 923 657 976; x_wconf 75' lang='lat' dir='ltr'>haecque</span> <span class='ocrx_word' id='word_1_66' title='bbox 686 922 745 962; x_wconf 90' lang='lat' dir='ltr'>uti</span> <span class='ocrx_word' id='word_1_67' title='bbox 777 932 1018 975; x_wconf 88' lang='lat' dir='ltr'>apterorum</span> <span class='ocrx_word' id='word_1_68' title='bbox 1049 919 1204 975; x_wconf 86' lang='lat' dir='ltr'>reliqua</span> <span class='ocrx_word' id='word_1_69' title='bbox 1229 919 1321 974; x_wconf 84' lang='lat' dir='ltr'>plus</span> <span class='ocrx_word' id='word_1_70' title='bbox 1345 933 1426 960; x_wconf 90' lang='lat' dir='ltr'>una</span> <span class='ocrx_word' id='word_1_71' title='bbox 1451 921 1541 960; x_wconf 89' lang='lat' dir='ltr'>vice</span> <span class='ocrx_word' id='word_1_72' title='bbox 1566 919 1705 960; x_wconf 88' lang='lat' dir='ltr'>decor-</span> 
     </span>
     <span class='ocr_line' id='line_1_12' title="bbox 487 986 1704 1041; baseline -0.003 -10"><span class='ocrx_word' id='word_1_73' title='bbox 487 992 682 1041; x_wconf 87' lang='lat' dir='ltr'>ticantur,</span> <span class='ocrx_word' id='word_1_74' title='bbox 727 1003 774 1031; x_wconf 91' lang='lat' dir='ltr'>ac</span> <span class='ocrx_word' id='word_1_75' title='bbox 799 987 879 1030; x_wconf 86' lang='lat' dir='ltr'>sese</span> <span class='ocrx_word' id='word_1_76' title='bbox 904 991 947 1030; x_wconf 92' lang='lat' dir='ltr'>in</span> <span class='ocrx_word' id='word_1_77' title='bbox 975 1003 1102 1030; x_wconf 87' lang='lat' dir='ltr'>novas</span> <span class='ocrx_word' id='word_1_78' title='bbox 1129 989 1244 1030; x_wconf 87' lang='lat' dir='ltr'>testas</span> <span class='ocrx_word' id='word_1_79' title='bbox 1268 988 1466 1038; x_wconf 82' lang='lat' dir='ltr'>induunt,</span> <span class='ocrx_word' id='word_1_80' title='bbox 1513 987 1615 1028; x_wconf 90' lang='lat' dir='ltr'>dum</span> <span class='ocrx_word' id='word_1_81' title='bbox 1649 986 1704 1028; x_wconf 89' lang='lat' dir='ltr'>illi</span> 
     </span>
     <span class='ocr_line' id='line_1_13' title="bbox 486 1057 1703 1112; baseline -0.003 -12"><span class='ocrx_word' id='word_1_82' title='bbox 486 1060 630 1100; x_wconf 91' lang='lat' dir='ltr'>testam</span> <span class='ocrx_word' id='word_1_83' title='bbox 661 1057 834 1112; x_wconf 85' lang='lat' dir='ltr'>junioris</span> <span class='ocrx_word' id='word_1_84' title='bbox 864 1060 989 1100; x_wconf 82' lang='lat' dir='ltr'>aetatis</span> <span class='ocrx_word' id='word_1_85' title='bbox 1021 1057 1258 1112; x_wconf 89' lang='lat' dir='ltr'>ampliando</span> <span class='ocrx_word' id='word_1_86' title='bbox 1291 1068 1476 1098; x_wconf 81' lang='lat' dir='ltr'>veterem</span> <span class='ocrx_word' id='word_1_87' title='bbox 1506 1057 1703 1097; x_wconf 83' lang='lat' dir='ltr'>continuo</span> 
     </span>
     <span class='ocr_line' id='line_1_14' title="bbox 488 1126 659 1170; baseline -0.006 -1"><span class='ocrx_word' id='word_1_88' title='bbox 488 1126 659 1170; x_wconf 86' lang='lat' dir='ltr'>servant.</span> 
     </span>
    </p>
   </div>
   <div class='ocr_carea' id='block_1_3' title="bbox 486 1261 1706 1918">
    <p class='ocr_par' dir='ltr' id='par_1_3' title="bbox 486 1261 1706 1865">
     <span class='ocr_line' id='line_1_15' title="bbox 612 1261 1705 1317; baseline -0.004 -12"><span class='ocrx_word' id='word_1_89' title='bbox 612 1262 766 1305; x_wconf 66' lang='lat' dir='ltr'>Insefi’ca</span> <span class='ocrx_word' id='word_1_90' title='bbox 785 1263 871 1304; x_wconf 83' lang='lat' dir='ltr'>haec</span> <span class='ocrx_word' id='word_1_91' title='bbox 890 1262 1176 1314; x_wconf 88' lang='lat' dir='ltr'>(multitudine</span> <span class='ocrx_word' id='word_1_92' title='bbox 1196 1261 1425 1317; x_wconf 88' lang='lat' dir='ltr'>specierum</span> <span class='ocrx_word' id='word_1_93' title='bbox 1452 1263 1575 1302; x_wconf 86' lang='lat' dir='ltr'>unius</span> <span class='ocrx_word' id='word_1_94' title='bbox 1594 1263 1705 1315; x_wconf 85' lang='lat' dir='ltr'>vagi-</span> 
     </span>
     <span class='ocr_line' id='line_1_16' title="bbox 489 1329 1706 1389; baseline -0.004 -15"><span class='ocrx_word' id='word_1_95' title='bbox 489 1335 652 1389; x_wconf 86' lang='lat' dir='ltr'>generis</span> <span class='ocrx_word' id='word_1_96' title='bbox 681 1345 734 1373; x_wconf 89' lang='lat' dir='ltr'>ne</span> <span class='ocrx_word' id='word_1_97' title='bbox 764 1331 964 1373; x_wconf 86' lang='lat' dir='ltr'>obruatur</span> <span class='ocrx_word' id='word_1_98' title='bbox 999 1330 1305 1385; x_wconf 79' lang='lat' dir='ltr'>Entomologiae</span> <span class='ocrx_word' id='word_1_99' title='bbox 1337 1330 1493 1380; x_wconf 84' lang='lat' dir='ltr'>cultor)</span> <span class='ocrx_word' id='word_1_100' title='bbox 1531 1331 1573 1370; x_wconf 90' lang='lat' dir='ltr'>in</span> <span class='ocrx_word' id='word_1_101' title='bbox 1605 1329 1706 1370; x_wconf 88' lang='lat' dir='ltr'>duas</span> 
     </span>
     <span class='ocr_line' id='line_1_17' title="bbox 486 1397 1703 1455; baseline -0.005 -11"><span class='ocrx_word' id='word_1_102' title='bbox 486 1402 660 1444; x_wconf 86' lang='lat' dir='ltr'>familias</span> <span class='ocrx_word' id='word_1_103' title='bbox 683 1401 726 1442; x_wconf 86' lang='lat'>&amp;</span> <span class='ocrx_word' id='word_1_104' title='bbox 748 1400 943 1442; x_wconf 88' lang='lat' dir='ltr'>undecim</span> <span class='ocrx_word' id='word_1_105' title='bbox 976 1414 1129 1455; x_wconf 87' lang='lat' dir='ltr'>genera</span> <span class='ocrx_word' id='word_1_106' title='bbox 1151 1398 1362 1454; x_wconf 86' lang='lat' dir='ltr'>dispescui.</span> <span class='ocrx_word' id='word_1_107' title='bbox 1459 1397 1648 1439; x_wconf 87' lang='lat' dir='ltr'>Familias</span> <span class='ocrx_word' id='word_1_108' title='bbox 1680 1412 1703 1439; x_wconf 84' lang='lat' dir='ltr'>a</span> 
     </span>
     <span class='ocr_line' id='line_1_18' title="bbox 486 1466 1701 1520; baseline -0.005 -8"><span class='ocrx_word' id='word_1_109' title='bbox 486 1484 663 1513; x_wconf 88' lang='lat' dir='ltr'>numero</span> <span class='ocrx_word' id='word_1_110' title='bbox 689 1469 907 1510; x_wconf 87' lang='lat' dir='ltr'>oculorum</span> <span class='ocrx_word' id='word_1_111' title='bbox 937 1469 1176 1510; x_wconf 79' lang='lat' dir='ltr'><em>Monoculos</em></span> <span class='ocrx_word' id='word_1_112' title='bbox 1198 1468 1240 1508; x_wconf 83' lang='lat'>&amp;</span> <span class='ocrx_word' id='word_1_113' title='bbox 1263 1467 1476 1509; x_wconf 78' lang='lat' dir='ltr'>Binoculos</span> <span class='ocrx_word' id='word_1_114' title='bbox 1501 1466 1602 1516; x_wconf 81' lang='lat' dir='ltr'>dixi,</span> <span class='ocrx_word' id='word_1_115' title='bbox 1633 1479 1701 1520; x_wconf 83' lang='lat' dir='ltr'>ge-</span> 
     </span>
     <span class='ocr_line' id='line_1_19' title="bbox 486 1535 1703 1593; baseline -0.006 -12"><span class='ocrx_word' id='word_1_116' title='bbox 486 1553 584 1581; x_wconf 89' lang='lat' dir='ltr'>nera</span> <span class='ocrx_word' id='word_1_117' title='bbox 608 1553 630 1580; x_wconf 93' lang='lat' dir='ltr'>a</span> <span class='ocrx_word' id='word_1_118' title='bbox 654 1539 837 1593; x_wconf 81' lang='lat' dir='ltr'>tegmine</span> <span class='ocrx_word' id='word_1_119' title='bbox 859 1538 1064 1592; x_wconf 87' lang='lat' dir='ltr'>corporis,</span> <span class='ocrx_word' id='word_1_120' title='bbox 1099 1550 1121 1577; x_wconf 90' lang='lat' dir='ltr'>a</span> <span class='ocrx_word' id='word_1_121' title='bbox 1148 1536 1223 1576; x_wconf 88' lang='lat' dir='ltr'>fitu</span> <span class='ocrx_word' id='word_1_122' title='bbox 1244 1535 1483 1584; x_wconf 85' lang='lat' dir='ltr'>oculorum,</span> <span class='ocrx_word' id='word_1_123' title='bbox 1509 1548 1703 1575; x_wconf 82' lang='lat' dir='ltr'>numero·</span> 
     </span>
     <span class='ocr_line' id='line_1_20' title="bbox 486 1602 1701 1663; baseline -0.005 -14"><span class='ocrx_word' id='word_1_124' title='bbox 486 1621 568 1663; x_wconf 88' lang='lat' dir='ltr'>que</span> <span class='ocrx_word' id='word_1_125' title='bbox 592 1607 750 1662; x_wconf 90' lang='lat' dir='ltr'>pedum</span> <span class='ocrx_word' id='word_1_126' title='bbox 777 1605 962 1648; x_wconf 85' lang='lat' dir='ltr'>desumfi.</span> <span class='ocrx_word' id='word_1_127' title='bbox 1028 1603 1265 1645; x_wconf 88' lang='lat' dir='ltr'>Perillustris</span> <span class='ocrx_word' id='word_1_128' title='bbox 1284 1603 1429 1656; x_wconf 68' lang='lat' dir='ltr'>Gmm,</span> <span class='ocrx_word' id='word_1_129' title='bbox 1463 1602 1614 1644; x_wconf 85' lang='lat' dir='ltr'>Sveciae</span> <span class='ocrx_word' id='word_1_130' title='bbox 1634 1602 1701 1644; x_wconf 89' lang='lat' dir='ltr'>de-</span> 
     </span>
     <span class='ocr_line' id='line_1_21' title="bbox 488 1671 1702 1730; baseline -0.004 -13"><span class='ocrx_word' id='word_1_131' title='bbox 488 1690 577 1726; x_wconf 88' lang='lat' dir='ltr'>cus,</span> <span class='ocrx_word' id='word_1_132' title='bbox 612 1689 743 1730; x_wconf 82' lang='lat' dir='ltr'>genus</span> <span class='ocrx_word' id='word_1_133' title='bbox 765 1673 983 1716; x_wconf 86' lang='lat' dir='ltr'>Monoeuli</span> <span class='ocrx_word' id='word_1_134' title='bbox 1008 1674 1162 1724; x_wconf 79' lang='lat' dir='ltr'>(tribus</span> <span class='ocrx_word' id='word_1_135' title='bbox 1179 1675 1321 1728; x_wconf 84' lang='lat' dir='ltr'>potius</span> <span class='ocrx_word' id='word_1_136' title='bbox 1336 1671 1417 1726; x_wconf 85' lang='lat' dir='ltr'>seu</span> <span class='ocrx_word' id='word_1_137' title='bbox 1437 1671 1611 1725; x_wconf 75' lang='lat' dir='ltr'>familia</span> <span class='ocrx_word' id='word_1_138' title='bbox 1644 1673 1702 1713; x_wconf 82' lang='lat' dir='ltr'>cli-</span> 
     </span>
     <span class='ocr_line' id='line_1_22' title="bbox 487 1738 1702 1796; baseline -0.005 -10"><span class='ocrx_word' id='word_1_139' title='bbox 487 1745 675 1794; x_wconf 80' lang='lat' dir='ltr'>cendum)</span> <span class='ocrx_word' id='word_1_140' title='bbox 691 1757 711 1784; x_wconf 88' lang='lat' dir='ltr'>a</span> <span class='ocrx_word' id='word_1_141' title='bbox 729 1743 861 1796; x_wconf 82' lang='lat' dir='ltr'>figura</span> <span class='ocrx_word' id='word_1_142' title='bbox 879 1742 919 1783; x_wconf 84' lang='lat'>&amp;</span> <span class='ocrx_word' id='word_1_143' title='bbox 936 1743 1009 1782; x_wconf 76' lang='lat' dir='ltr'>situ</span> <span class='ocrx_word' id='word_1_144' title='bbox 1027 1754 1300 1783; x_wconf 84' lang='lat' dir='ltr'>antennarum</span> <span class='ocrx_word' id='word_1_145' title='bbox 1317 1752 1429 1781; x_wconf 81' lang='lat' dir='ltr'>extra</span> <span class='ocrx_word' id='word_1_146' title='bbox 1446 1738 1511 1781; x_wconf 91' lang='lat' dir='ltr'>vel</span> <span class='ocrx_word' id='word_1_147' title='bbox 1527 1741 1630 1781; x_wconf 90' lang='lat' dir='ltr'>intra</span> <span class='ocrx_word' id='word_1_148' title='bbox 1647 1751 1702 1780; x_wconf 89' lang='lat' dir='ltr'>te-</span> 
     </span>
     <span class='ocr_line' id='line_1_23' title="bbox 489 1807 1702 1865; baseline -0.004 -11"><span class='ocrx_word' id='word_1_149' title='bbox 489 1814 602 1864; x_wconf 71' lang='lat' dir='ltr'>stam,</span> <span class='ocrx_word' id='word_1_150' title='bbox 617 1813 732 1853; x_wconf 86' lang='lat' dir='ltr'>tertia</span> <span class='ocrx_word' id='word_1_151' title='bbox 745 1811 902 1852; x_wconf 86' lang='lat' dir='ltr'>tametfi</span> <span class='ocrx_word' id='word_1_152' title='bbox 918 1809 1069 1865; x_wconf 86' lang='lat' dir='ltr'>species</span> <span class='ocrx_word' id='word_1_153' title='bbox 1085 1810 1196 1851; x_wconf 89' lang='lat' dir='ltr'>nuda</span> <span class='ocrx_word' id='word_1_154' title='bbox 1211 1810 1252 1851; x_wconf 82' lang='lat'>&amp;</span> <span class='ocrx_word' id='word_1_155' title='bbox 1270 1810 1473 1851; x_wconf 86' lang='lat' dir='ltr'>crustacea</span> <span class='ocrx_word' id='word_1_156' title='bbox 1489 1807 1545 1857; x_wconf 78' lang='lat' dir='ltr'>fit,</span> <span class='ocrx_word' id='word_1_157' title='bbox 1561 1809 1602 1848; x_wconf 91' lang='lat' dir='ltr'>in</span> <span class='ocrx_word' id='word_1_158' title='bbox 1621 1819 1702 1850; x_wconf 87' lang='lat' dir='ltr'>tres</span> 
     </span>
    </p>

    <p class='ocr_par' dir='ltr' id='par_1_4' title="bbox 1523 1874 1640 1918">
     <span class='ocr_line' id='line_1_24' title="bbox 1523 1874 1640 1918; baseline -0.017 0"><span class='ocrx_word' id='word_1_159' title='bbox 1523 1874 1640 1918; x_wconf 90' lang='lat' dir='ltr'>fami-</span> 
     </span>
    </p>
   </div>
   <div class='ocr_carea' id='block_1_4' title="bbox 532 1984 1699 2128">
    <p class='ocr_par' dir='ltr' id='par_1_5' title="bbox 532 1984 1699 2128">
     <span class='ocr_line' id='line_1_25' title="bbox 532 1984 1699 2029; baseline -0.004 -10"><span class='ocrx_word' id='word_1_160' title='bbox 532 1991 566 2028; x_wconf 49' lang='grc' dir='ltr'>θ’)</span> <span class='ocrx_word' id='word_1_161' title='bbox 589 1989 726 2028; x_wconf 82' lang='lat' dir='ltr'>Tegmen</span> <span class='ocrx_word' id='word_1_162' title='bbox 755 1989 888 2029; x_wconf 75' lang='lat' dir='ltr'>Nauplii,</span> <span class='ocrx_word' id='word_1_163' title='bbox 909 1989 1070 2025; x_wconf 75' lang='lat' dir='ltr'>Amymonis</span> <span class='ocrx_word' id='word_1_164' title='bbox 1093 1986 1124 2018; x_wconf 72' lang='grc' dir='ltr'><strong>ἃ</strong></span> <span class='ocrx_word' id='word_1_165' title='bbox 1147 1987 1251 2029; x_wconf 82' lang='lat' dir='ltr'>Arguli</span> <span class='ocrx_word' id='word_1_166' title='bbox 1275 1986 1351 2017; x_wconf 78' lang='lat' dir='ltr'>testae</span> <span class='ocrx_word' id='word_1_167' title='bbox 1374 1986 1544 2017; x_wconf 79' lang='lat' dir='ltr'>Patellarum</span> <span class='ocrx_word' id='word_1_168' title='bbox 1571 1984 1699 2021; x_wconf 81' lang='lat' dir='ltr'>accedit,</span> 
     </span>
     <span class='ocr_line' id='line_1_26' title="bbox 688 2039 1699 2083; baseline -0.004 -10"><span class='ocrx_word' id='word_1_169' title='bbox 688 2044 813 2083; x_wconf 86' lang='lat' dir='ltr'>Cyclopis</span> <span class='ocrx_word' id='word_1_170' title='bbox 835 2042 866 2074; x_wconf 69' lang='grc' dir='ltr'>ὅτ,</span> <span class='ocrx_word' id='word_1_171' title='bbox 888 2043 1047 2083; x_wconf 72' lang='lat' dir='ltr'>Polyphemi</span> <span class='ocrx_word' id='word_1_172' title='bbox 1063 2041 1239 2072; x_wconf 83' lang='lat' dir='ltr'>crustaceum</span> <span class='ocrx_word' id='word_1_173' title='bbox 1257 2042 1357 2081; x_wconf 83' lang='lat' dir='ltr'>potius</span> <span class='ocrx_word' id='word_1_174' title='bbox 1375 2050 1463 2081; x_wconf 86' lang='lat' dir='ltr'>quam</span> <span class='ocrx_word' id='word_1_175' title='bbox 1484 2039 1637 2071; x_wconf 81' lang='lat' dir='ltr'>testaceum</span> <span class='ocrx_word' id='word_1_176' title='bbox 1657 2039 1699 2070; x_wconf 83' lang='lat' dir='ltr'>di-</span> 
     </span>
     <span class='ocr_line' id='line_1_27' title="bbox 684 2097 822 2128; baseline 0.007 -1"><span class='ocrx_word' id='word_1_177' title='bbox 684 2097 822 2128; x_wconf 75' lang='lat' dir='ltr'>cendum.</span> 
     </span>
    </p>
   </div>
  </div>
 </body>
</html>
