2043 2772
1413 235 1462 267 ΙΙ

315 336 478 387 quoties
504 344 572 373 aut
598 345 724 387 quam
750 331 899 385 objeffi
926 343 1083 386 partem
1117 332 1386 386 contemplari
1412 333 1528 384 libet,

313 401 429 451 licet,
473 401 654 456 nihilque
682 416 702 441 e
726 413 866 441 contra
893 399 1067 450 facilius,
1112 414 1237 454 quam
1257 402 1434 454 figuram
1463 402 1527 442 tle-

312 467 517 523 scriptioni
533 470 721 523 hancque
739 469 792 510 illi
811 467 1205 518 consentaneam,uti
1226 471 1267 509 in
1286 484 1368 509 non
1388 472 1527 523 paucis

312 537 527 591 operibus,
563 536 749 577 iconibus
777 536 990 587 illustratis,
1019 535 1176 578 fafitum
1200 538 1274 586 est,
1310 536 1525 591 effingere3

310 605 426 657 adde,
457 604 572 658 quod
595 603 731 658 pifilbor
752 602 1008 657 superficiem
1026 604 1359 659 qualemcunque
1377 605 1524 645 deline-

312 668 369 723 at,
405 671 643 713 observator
667 685 766 713 vero
791 669 1005 724 objectum
1027 670 1078 712 ab
1098 674 1211 712 omni
1228 684 1343 725 parte
1370 675 1523 714 investi-

308 752 396 794 gat,
432 754 507 780 nec
532 740 634 783 dum
657 740 704 781 lis
729 738 954 791 suboritur,
989 753 1052 780 res
1077 738 1338 782 controversa
1363 739 1524 795 semper

306 808 449 860 praesto
477 808 543 848 est.

431 944 626 985 Duorum
652 944 832 985 historias
858 944 963 985 binis
987 944 1357 998 commentariolis,
1392 946 1519 986 altero

305 1012 426 1053 latine
448 1012 574 1053 altero
598 1003 741 1066 gallice
763 1012 864 1053 olim
887 1014 1047 1053 exaravi
1060 1026 1069 1066 3
1104 1012 1169 1052 hic
1190 1012 1348 1053 volum.
1368 1012 1421 1055 61
1443 1013 1517 1055 acl.

304 1079 500 1120 socie-:atis
524 1079 802 1133 scientiarum,
838 1094 928 1135 quae
944 1080 1124 1121 Londini
1148 1082 1222 1131 est,
1258 1091 1373 1133 1772
1400 1080 1518 1122 inser-

304 1160 367 1188 tus
393 1149 537 1198 exstat,
566 1149 681 1189 illum
704 1149 843 1190 illustri
868 1149 1047 1189 instituto
1068 1146 1325 1189 scientiarum
1343 1150 1516 1190 Bononi-

303 1216 383 1256 ensi
405 1215 634 1268 improvisa:
659 1216 890 1269 adoptionis
914 1217 954 1254 in
977 1227 1142 1268 gratum
1162 1215 1392 1257 sodalitium
1414 1231 1514 1271 ergo

299 1285 439 1336 paucis
457 1282 604 1323 abhinc
623 1284 737 1322 annis
757 1282 976 1332 transmisi,
994 1293 1219 1336 utrumque
1237 1296 1393 1334 tamen,
1417 1298 1514 1324 cum

300 1350 350 1391 ad
368 1364 456 1391 rem
472 1348 612 1401 faciet,
647 1350 829 1405 alterque
851 1364 1000 1405 parum
1018 1353 1261 1403 innotuerit,
1296 1365 1373 1392 nec
1396 1366 1446 1392 an
1461 1353 1511 1394 al-

301 1431 361 1460 ter
382 1419 596 1473 impressus
621 1419 683 1469 fit,
719 1420 892 1469 constet,
927 1419 992 1460 hic
1018 1431 1203 1473 repetere
1221 1420 1511 1475 Entomologis

301 1500 519 1542 acceptum
545 1485 634 1528 fore
660 1486 778 1542 spero
808 1500 930 1542 atque
957 1487 1134 1528 confido.

846 2100 874 2140 B
912 2114 933 2144 2
1303 2094 1432 2141 Com-
