2043 2772
575 230 637 273 70
966 215 1268 251 LYNCEUS.

618 329 712 364 Oculi
730 326 794 362 duo
819 324 892 360 fere
907 326 1066 372 aequales;
1096 324 1239 373 posticus
1257 333 1343 365 ater,
1367 327 1491 361 anticus
1508 325 1615 365 albus,
1643 336 1726 359 mar-

515 379 594 423 gine
623 378 731 421 nigro.
1723 378 1726 381 '

619 440 721 483 Palpi
745 436 803 472 sub
828 437 974 472 rostrum
989 436 1061 471 bini
1083 437 1219 475 breves,
1247 436 1438 482 cylindrici,
1466 439 1557 484 apice
1574 435 1678 484 pilosi.

621 501 782 536 Antemzoe
806 510 947 546 quatuor
976 499 1152 534 duodecim
1175 499 1303 532 annulis
1329 497 1532 545 compositae,
1565 512 1603 532 ex
1627 499 1734 544 quoli-

520 552 575 585 bet
593 549 658 584 seta
677 550 775 594 longa
798 549 999 595 porrigitur,
1028 550 1154 595 hisque>
1172 546 1246 581 setis
1266 546 1410 595 expansis
1437 547 1524 594 quafi
1549 548 1649 581 remis
1666 548 1732 581 ani-

523 599 700 634 malculum
732 600 954 632 circumnatat.

624 661 752 705 Corpus
778 658 957 704 segmentis
976 657 1051 693 οίὶο
1072 660 1106 693 in
1130 658 1265 693 caudam
1288 657 1550 693 decrescentibus
1571 659 1733 694 construc-

522 722 594 745 tum
617 709 766 747 videtur,
794 709 998 755 lamellisque
1019 707 1260 742 branchialibus
1284 721 1301 741 a
1325 719 1421 751 tergo
1445 708 1626 742 instruitur.
1679 711 1732 743 In-

522 760 666 805 tqstimam
691 758 866 803 nigredine
889 756 944 792 sua
960 756 1171 805 splendidum
1196 756 1250 790 est.

624 823 730 856 Pedes
748 820 877 864 (decem
892 820 945 853 vel
964 819 1139 854 duodecim
1157 819 1260 865 paria)
1279 817 1413 851 caudam
1431 817 1546 852 versus
1564 819 1736 853 volumine

526 868 767 909 decrescentes3
795 868 961 915 capillacei
982 866 1075 905 sunt,
1100 867 1174 913 pilis
1193 867 1376 899 innumeris
1397 867 1428 900 ὅ(
1453 866 1666 912 inaequalibus
1690 865 1736 900 se-

526 920 616 957 riuti,
645 916 775 963 bafique
795 916 962 950 branchiis
975 915 1158 963 palearibus
1178 914 1300 962 pallide
1317 913 1417 948 fuscis
1436 913 1596 949 instrub'si.
1649 917 1736 949 Fun-

529 968 571 1001 do
595 964 718 1000 vasculi
744 978 808 1013 ope
837 965 1020 999 eorundem
1044 964 1198 998 incedere
1219 963 1306 997 valet
1328 961 1530 1010 supinusque
1560 962 1644 1011 saepe
1670 964 1737 997 val-

528 1016 614 1050 vulis
632 1016 753 1062 apertis
771 1015 933 1060 injacenS‚
956 1015 1103 1061 quinque
1121 1013 1286 1047 anteriora
1302 1013 1393 1059 paria
1408 1022 1535 1046 tantum
1553 1013 1584 1047 <Sc
1602 1012 1737 1059 quidem

531 1065 621 1099 lente
647 1074 770 1098 movet.

635 1130 727 1160 Inter
742 1125 856 1173 palpos
880 1125 912 1158 ὅ(
935 1124 1037 1171 pedes
1053 1136 1208 1172 organum
1223 1123 1380 1168 utrinque
1405 1124 1522 1167 duplex
1534 1124 1739 1171 approxima-

531 1187 620 1214 tum‚
654 1175 793 1208 alterum
819 1186 933 1218 ungve
954 1173 1082 1212 valido,
1123 1173 1263 1206 alterum
1295 1172 1376 1205 ciliis
1401 1173 1612 1210 terminatur,
1645 1183 1740 1206 coete-

534 1237 610 1259 rum
634 1224 767 1270 aequalia
787 1222 960 1263 videntur3
988 1223 1110 1256 horum
1135 1221 1300 1265 ungvium
1325 1233 1388 1267 ope
1411 1218 1479 1253 sese
1503 1221 1646 1254 invicem
1673 1219 1740 1254 affi-

535 1283 618 1318 gunt
642 1285 675 1306 ac
703 1273 894 1306 catervatim
914 1283 1096 1318 parumper
1117 1271 1355 1303 circumnatant
1376 1272 1412 1302 L.
1429 1270 1609 1315 brachyuri.
1643 1269 1742 1303 Aliud

538 1320 625 1356 infra
653 1322 721 1355 haec
745 1320 842 1354 fitum
866 1332 1027 1364 organum
1052 1317 1300 1352 branchiforme
1323 1315 1479 1362 systolem
1502 1318 1534 1351 (Sc
1556 1318 1741 1356 diastolem,

537 1369 658 1405 etiamfi
676 1383 692 1404 a
709 1381 848 1417 corpore
865 1367 1014 1402 avulsum
1032 1366 1119 1406 esset,
1133 1367 1190 1400 diu
1211 1367 1364 1404 exercuit,
1383 1378 1422 1400 an
1437 1366 1544 1400 cordis
1552 1365 1741 1401 musculus?

639 1433 750 1466 Gauda
769 1444 887 1478 parva,
924 1430 1048 1466 tenuis,
1077 1427 1218 1465 deflexa,
1252 1428 1457 1472 aliquantum
1483 1428 1632 1467 dilatata,
1660 1442 1743 1462 mar-

539 1484 625 1527 ginis
643 1481 752 1515 medio
776 1479 851 1513 setis
877 1478 961 1512 binis
977 1487 1129 1516 ornatur3
1157 1487 1216 1510 nec
1240 1476 1380 1519 erigitur
1402 1486 1462 1509 nec
1485 1488 1632 1522 unquam
1657 1488 1746 1511 extra

541 1532 654 1566 testam
676 1527 897 1576 protenditur.

642 1593 749 1628 Pedes
779 1591 811 1624 (Sc
835 1589 994 1624 branchiae
1025 1601 1043 1622 a
1067 1598 1207 1635 corpore
1230 1584 1365 1620 divulsae
1387 1585 1589 1632 aliquamdiu
1618 1593 1746 1624 motum

543 1641 709 1690 qvendarn
732 1637 884 1674 exserunt

648 1705 721 1739 Ova
744 1701 864 1736 viridia
899 1699 973 1734 sunt
1005 1701 1036 1733 ὅ(
1066 1700 1207 1737 minora,
1243 1710 1343 1745 quarn
1366 1697 1400 1731 in
1426 1696 1684 1741 congeneribus‚
1717 1709 1748 1732 at

546 1765 614 1787 non
640 1750 737 1785 dorso
764 1749 974 1788 incumbunt,
1003 1747 1060 1782 sed
1083 1748 1218 1782 caudam
1242 1745 1356 1780 versus
1382 1747 1416 1780 in
1430 1759 1598 1781 racemum
1615 1747 1749 1791 conglo-

547 1811 671 1836 merata
695 1799 733 1833 ab
758 1810 901 1845 utroque
923 1799 1072 1845 corporis
1094 1797 1194 1830 latere
1217 1795 1372 1843 pendent.

656 1863 748 1907 Tfsta
765 1859 890 1896 infesto
917 1860 1082 1898 destituta,
1103 1858 1224 1897 albida,
1247 1859 1415 1904 juniorem
1429 1857 1570 1891 Tellinae
1589 1858 1704 1892 rivalis
1720 1858 1750 1902 ⁴⁵)

549 1910 660 1946 exaEte
686 1910 799 1945 refert.
881 1910 1067 1945 Vorticelloe
1094 1909 1239 1943 minores
1263 1906 1425 1941 branchiis
1450 1906 1593 1954 pilisque
1627 1906 1752 1955 pedum

552 1961 637 1996 haud
655 1972 729 1994 raro
745 1961 933 1994 racematim
949 1957 1123 1992 adhaerent.

1627 2019 1705 2051 Ani-

596 2081 630 2119 ³⁶)
653 2079 737 2108 Zool.
764 2077 829 2107 dan.
848 2077 949 2116 prodr.
968 2082 1061 2117 2965.
