2043 2772
1430 243 1459 286 9

443 338 663 398 Quotquot
680 342 774 384 testa
795 341 1047 392 conduntur,
1078 344 1119 382 in
1136 341 1391 396 superficiem
1407 356 1525 397 aqua-

315 423 410 452 rum
427 411 557 466 elapsa
574 424 767 453 antennas
783 411 982 452 vibrando
1001 410 1256 465 caudamque
1269 410 1524 464 projiciendo

312 478 450 520 rursus
468 479 712 520 descendere
733 481 930 529 nituntur,
955 490 994 520 at
1011 478 1065 519 ob
1083 478 1400 533 amplitudinem
1416 479 1455 521 δε
1473 479 1524 521 le-

316 549 484 589 vitatem
509 549 613 589 testae
639 549 836 589 continuo
859 545 1115 590 frustrantur.

439 684 555 726 Cutis
578 686 789 725 renovatio
815 685 969 724 mirum
996 693 1104 724 certe
1132 676 1284 725 naturae
1311 685 1526 726 artificium

311 756 353 793 in
381 753 442 793 his
467 755 647 793 maxime
675 751 891 806 spectabile
912 753 986 792 est:
1028 766 1134 793 nova
1162 751 1235 792 sub
1258 755 1385 792 veteri
1410 765 1525 793 enata

310 820 579 874 epidermide,
614 818 747 861 fundo
765 818 895 861 fovea:
919 831 988 861 aut
1013 819 1160 860 vasculi
1180 821 1524 861 Entomostracon

311 887 390 929 sese
409 888 572 940 objecto
592 889 770 942 cuipiam
787 886 933 942 affigit,
967 902 1013 929 ac
1029 888 1217 929 membra
1236 889 1465 929 motitando
1483 889 1524 929 &

311 956 533 1010 quatiendo
557 958 743 1010 primum
770 955 950 997 valvulas
981 957 1086 997 testae
1109 958 1275 1006 veteris,
1319 956 1522 997 subeunti-

309 1024 388 1065 bus
408 1025 537 1076 novis,
572 1024 696 1073 laxat,
732 1024 909 1078 denique
926 1023 1041 1064 brevi
1056 1027 1222 1065 exuvias
1239 1026 1361 1065 totius
1378 1038 1524 1078 corpo-

310 1095 383 1144 ris,
427 1093 616 1132 omnium
641 1103 826 1141 artuum,
861 1091 1062 1145 pilorum,
1106 1093 1364 1146 plumarum,
1395 1093 1523 1134 radio-

310 1160 448 1200 lorum
471 1174 647 1200 acumen
671 1161 813 1200 armati
839 1173 1006 1213 quoque
1033 1160 1140 1200 oculi
1167 1160 1341 1201 exilitate
1365 1159 1523 1215 fugien-

311 1230 414 1268 tium
432 1227 548 1267 fimul
572 1228 753 1280 deponit.
809 1227 855 1266 In
873 1229 1028 1267 exuviis
1045 1228 1155 1266 enim
1170 1228 1421 1280 deteguntur
1438 1242 1523 1268 non

309 1306 469 1336 tantum
489 1307 634 1334 omnes
652 1292 834 1333 animalis
851 1305 1026 1334 externae
1041 1306 1192 1347 partes,
1227 1293 1295 1334 sed
1312 1296 1523 1336 interiores

310 1375 497 1417 quoque,
532 1362 574 1402 &
598 1375 688 1416 quae
707 1363 749 1401 in
774 1363 935 1415 integro
956 1373 1048 1402 ante
1068 1361 1429 1403 decorticationem
1447 1366 1521 1403 mi-

309 1444 387 1471 nus
414 1429 641 1484 conspicuae
666 1441 799 1479 erant,
840 1429 979 1483 quales
1013 1428 1104 1469 sunt
1134 1429 1337 1470 branchiae
1356 1430 1520 1484 pectini-

310 1497 467 1539 formes
484 1497 996 1551 pulcherrimae,vaginulae
1014 1497 1331 1550 pellucidiffimae
1340 1498 1523 1552 pilorum

310 1567 673 1607 minutiffimorum
704 1563 801 1606 setas
833 1576 1104 1606 antennarum
1137 1566 1262 1607 veluti
1292 1566 1443 1620 plumae
1465 1581 1522 1606 ra-

311 1633 474 1674 chidem
490 1636 682 1688 utrinque
697 1634 956 1674 vestientium
969 1647 1014 1674 ac
1029 1633 1172 1685 majori
1189 1636 1523 1686 augmentatione

312 1700 528 1741 difficulter
546 1702 775 1743 visibilium.
848 1702 951 1749 Quae
979 1714 1149 1739 omnem
1173 1700 1307 1740 ideam
1329 1699 1522 1753 superans

311 1767 559 1808 subtiliffima
582 1768 760 1807 exilitas!
794 1769 950 1820 vaginae
969 1777 1106 1806 tamen
1122 1765 1224 1816 sunt,
1248 1767 1340 1807 alias
1354 1770 1522 1821 vaginu-

284 1827 288 1831 ’
310 1835 378 1887 las,
396 1848 486 1890 quae
503 1848 656 1889 organa
673 1837 833 1875 minora
849 1836 1000 1875 iterum
1018 1834 1245 1887 includunt,
1257 1837 1522 1878 continentes.

439 1972 604 2015 Certam
621 1973 661 2015 8<
678 1972 890 2015 indubiam
901 1972 1311 2016 Entomostracorum
1330 1973 1523 2030 copulam

311 2044 354 2084 in
378 2042 626 2098 quibusdam
656 2054 815 2085 tantum
840 2041 1071 2093 observavi,
1107 2041 1266 2097 suisque
1294 2043 1392 2085 locis
1417 2042 1521 2085 infra

314 2110 512 2166 descripsi.
908 2111 934 2150 Β
1336 2112 1458 2152 Pluri-
