2043 2772
1438 193 1459 238 5

315 309 529 339 externam
555 308 701 337 eorum
729 293 1031 336 similitudinem
1052 308 1148 335 cum
1169 295 1354 344 eonehi‘s,
1390 308 1470 350 qua
1491 296 1533 337 {it

316 378 466 408 naturae
491 364 676 406 transitus
701 363 750 405 ab
786 362 943 405 inseffis
970 363 1021 404 ad
1052 364 1239 413 testacea,
1283 376 1329 404 ut
1356 377 1532 414 taceam,

316 436 455 489 ecquis
478 445 570 475 ante
605 432 808 474 detefi‘tam
845 433 1010 487 Cyprim
1042 431 1241 473 insefifflm
1275 433 1531 487 quadrupes,

315 514 408 543 ante
437 503 646 544 Limulam
671 501 712 542 &
734 500 883 542 reffius
906 499 1167 541 observatum
1195 502 1386 556 Caligum
1410 500 1532 543 insec-

315 584 406 611 tum
434 568 520 610 fere
548 568 789 622 acephalum
815 567 882 609 seu
910 571 1039 622 capite
1061 583 1145 609 non
1168 568 1384 624 perspicuo
1408 584 1531 611 nove-

314 638 392 680 rit?
427 639 530 687 Quis
555 638 710 677 coitum
737 635 918 676 duorum
941 638 1120 676 marium
1148 651 1246 677 eum
1271 652 1350 679 una
1366 636 1530 680 faemina

314 706 452 756 simul,
487 704 616 760 qualis
644 706 685 744 in
710 702 971 745 famofiffimo
999 703 1134 758 pulice
1157 707 1342 759 aquatico
1370 709 1528 761 peragi-

313 787 401 823 tur,
436 785 504 814 aut
535 772 703 822 animal,
746 771 862 825 eujus
892 783 1015 827 eaput
1037 786 1176 813 merus
1207 773 1370 824 oculus,
1410 775 1530 829 quale

314 844 356 882 in
375 840 613 896 Polyphemo
637 841 816 891 videtur,
851 854 1036 895 unquam
1061 840 1281 896 suspicatus
1305 842 1387 884 est?
1421 844 1529 885 Mira

314 910 400 952 haee
424 910 464 952 &
489 909 606 964 plura
637 907 1153 952 offeruntEntomostraca.

441 1048 526 1090 Sub
550 1050 711 1090 initium
736 1050 828 1090 anni
852 1047 968 1102 1769
994 1062 1046 1091 an
1070 1048 1110 1090 &
1137 1060 1340 1104 quantum
1364 1048 1529 1105 frigoris

313 1116 497 1172 perferre
532 1117 731 1168 valerent,
774 1120 1107 1173 experimentum
1148 1119 1309 1159 institui.
1392 1120 1528 1161 Foffis

313 1187 533 1240 aquaticas,
576 1186 765 1239 paludes,
808 1185 1015 1239 ripasque,
1064 1187 1135 1227 ubi
1174 1186 1350 1240 degunt,
1392 1187 1529 1229 hieme

312 1253 499 1294 funditus
527 1253 755 1306 congelari,
790 1255 927 1306 primo
953 1265 1090 1293 tamen
1112 1266 1209 1294 vere
1232 1257 1529 1296 entomostraca

310 1320 467 1362 ibidem
491 1321 659 1374 reperiri
691 1320 863 1374 constat3
898 1334 949 1361 an
968 1320 1053 1361 haec
1070 1322 1230 1362 novicia
1248 1321 1378 1363 ovulis
1396 1336 1530 1377 nuper

312 1387 492 1439 exclusa,
527 1401 578 1430 an
604 1400 794 1430 veterana
819 1387 954 1430 hieme
982 1388 1108 1443 sopita
1126 1388 1210 1442 jam
1234 1390 1524 1446 reviviscentia‚

312 1457 526 1512 explorare
542 1455 668 1497 volui.
725 1458 895 1512 Aquam
910 1470 931 1497 e
947 1457 1098 1512 piscina
1116 1456 1270 1513 scypho
1285 1461 1414 1500 vitreo
1431 1460 1525 1501 hau-

310 1527 411 1568 stam
437 1524 595 1567 inseffls
620 1525 815 1576 testaceis,
849 1527 1054 1580 imprimis
1070 1526 1208 1581 Cypre
1230 1526 1361 1582 pilcfit
1384 1528 1423 1569 δε
1445 1529 1520 1583 Cy-

310 1594 430 1648 clope
452 1595 714 1649 quadricorni
730 1592 969 1645 scatentem,
1005 1594 1090 1636 dies
1114 1596 1317 1650 quosdam
1334 1597 1375 1637 in
1392 1610 1522 1637 came-

309 1676 353 1704 ra
372 1662 506 1717 tepida
522 1659 742 1713 servatam,
777 1665 857 1704 aeri
874 1663 1097 1717 praegelido
1114 1662 1294 1716 exposui.
1358 1664 1428 1705 Ad
1445 1666 1524 1718 pri-

311 1744 431 1771 mum
454 1730 747 1783 congelationis
772 1730 950 1784 gradum
972 1728 1101 1783 usque
1125 1728 1204 1770 sese
1227 1733 1416 1772 motitare
1434 1747 1525 1788 per-

311 1797 486 1851 gebant3
527 1810 627 1836 mox
654 1795 829 1850 scyphus
863 1808 971 1837 totus
994 1810 1170 1851 quantus
1193 1799 1302 1853 quasi
1334 1802 1428 1842 nive
1456 1816 1526 1858 op-

309 1862 520 1920 plebatur,
568 1864 764 1918 spatiolis,
806 1876 956 1920 quanta
988 1878 1260 1921 occupaverat
1292 1867 1522 1924 amplitudo

311 1934 496 1987 corporis
523 1931 844 1984 Ennomostraei,
875 1934 1076 1989 exceptis,
1110 1937 1152 1977 in
1173 1936 1322 1991 quibus
1340 1951 1443 1993 aqua
1469 1940 1524 1981 ob

313 2013 478 2048 motum
496 1999 639 2060 ¹caudae
665 2000 706 2046 ὃ(
730 2013 1005 2046 antennarum
1022 2003 1159 2049 inseffi
1186 2006 1431 2050 continuum
1459 2009 1524 2052 ad-

863 2069 904 2117 A
941 2081 962 2128 3
1380 2075 1460 2122 hue
