2043 2772
543 196 575 236 4

480 308 527 336 ac
554 292 693 335 clariss.
725 293 799 335 viri
832 292 1037 343 STROEM,
1082 291 1234 335 GOEZE
1266 292 1307 334 8<
1340 292 1522 335 HERBST
1555 294 1695 349 postea

479 364 620 419 paucis
653 372 870 403 auxerunt.
908 368 910 371 ’

607 500 752 542 Gentis
778 497 903 550 hujus
927 496 1147 539 multifaria
1173 497 1214 539 &
1242 497 1483 553 complicata
1510 500 1694 553 corporis

480 569 697 612 strufikura:
729 566 1019 607 membrorum
1039 565 1233 607 mirabilis
1248 566 1420 621 agilitas:
1438 580 1694 621 organorum

480 637 641 679 summa
667 635 838 676 exilitas:
882 633 1048 674 vivendi
1074 634 1115 675 &
1139 635 1315 676 coeundi
1340 637 1440 676 ratio
1465 635 1693 689 fingularis:

482 705 757 747 commoratio
775 704 816 743 in
832 704 966 756 aquiS,
1009 715 1109 756 quas
1130 715 1281 756 pecora
1306 705 1440 744 nostra
1463 717 1509 744 ac
1531 714 1696 744 nosmet

479 774 553 829 ipsi
577 772 761 828 quotidie
785 770 987 811 bibimus:
1022 770 1190 823 damna,
1226 784 1315 825 quae
1336 771 1431 811 inde
1453 770 1584 811 enasci
1602 785 1695 825 pos-

481 842 591 892 sunt,
626 841 667 881 ὅτ
695 853 785 894 quae
812 837 991 892 piscibus
1015 836 1167 879 inferre
1190 839 1401 879 videntur:
1439 838 1694 879 emolumen-

481 922 519 952 ta
542 910 600 960 δὲ),
635 921 746 962 quae,
779 907 874 947 licet
901 908 1125 947 maximam
1158 917 1319 960 partem
1348 907 1610 960 ignoramus,
1652 908 1696 947 in

482 978 725 1020 oeconomia
755 986 907 1016 naturae
931 974 1207 1023 jnihilominus
1237 973 1493 1028 producunt:
1536 973 1622 1014 haee
1651 975 1694 1014 in

480 1045 639 1089 inseffls
662 1046 799 1085 minus
826 1044 951 1093 notis,
986 1042 1217 1083 domesticis
1242 1044 1449 1096 quamvis,
1484 1040 1584 1082 scitu
1603 1055 1693 1095 per*-

481 1128 608 1171 quam
634 1113 757 1168 digna
779 1111 876 1163 effe,
910 1113 979 1154 vix
1003 1110 1109 1152 ullus
1144 1110 1314 1153 dubitet.
1411 1108 1544 1160 Quid,
1579 1108 1695 1164 quod

1510 1187 1640 1218 exter-

678 1285 780 1318 noster‘
792 1283 1008 1326 Polyphemus,
1032 1295 1085 1314 nec
1102 1282 1243 1324 septimo,
1259 1285 1309 1324 qui
1330 1283 1460 1323 Cyclops
1476 1282 1694 1323 quadricornis,

676 1341 825 1376 convenit,
837 1341 936 1370 minus
952 1339 1026 1369 bene
1043 1339 1157 1374 tribuit,
1171 1337 1379 1378 indicisque&
1390 1337 1609 1368 distributionis
1624 1348 1694 1368 meae

679 1398 711 1427 in
728 1403 850 1435 genera,
876 1403 940 1434 quae
957 1402 1051 1424 tamen
1069 1394 1100 1422 in
1115 1394 1207 1423 literis
1224 1392 1337 1422 dudum
1355 1392 1534 1427 laudaverat,
1559 1394 1591 1421 in
1607 1402 1694 1431 opere

677 1450 833 1491 (Memoir.
857 1448 906 1478 sur
931 1449 971 1477 les
994 1447 1171 1477 insestNol.
1187 1450 1234 1488 7.)
1255 1457 1291 1475 ne
1307 1447 1396 1476 verbo
1415 1446 1533 1485 quidem
1549 1447 1693 1476 meminit.

679 1505 746 1534 Hoc
769 1503 880 1533 dierum
903 1502 972 1532 volo
989 1511 1051 1531 non
1074 1501 1106 1529 in
1127 1499 1272 1529 laefionem
1291 1500 1422 1529 manium
1436 1500 1493 1529 viri
1510 1501 1593 1529 omni
1609 1500 1694 1530 laude

679 1558 799 1596 majoris
810 1580 817 1592 ‚
843 1556 891 1586 sed
907 1555 988 1595 quod
1010 1554 1041 1584 in
1058 1554 1189 1593 publicas
1212 1552 1285 1583 alius
1306 1554 1439 1592 praeclari
1455 1554 1584 1591 Zoologi
1599 1552 1694 1582 incidi

679 1609 925 1652 reprehenfioues,
951 1609 1019 1649 quia
1035 1618 1145 1638 nomen
1161 1607 1222 1645 ejus
1239 1607 1337 1637 debita
1351 1617 1417 1637 cum
1433 1607 1516 1636 laude
1531 1601 1563 1636 in
1577 1606 1694 1646 scriptis

680 1666 753 1696 meis
765 1688 772 1701 ‚
798 1666 911 1704 quoties
937 1664 977 1693 rei
1003 1662 1137 1692 literar-ire
1163 1662 1326 1697 interesset,
1357 1670 1617 1691 commemoratum
1628 1684 1635 1696 ‚
1660 1662 1695 1690 in

680 1718 925 1750 commentariolo
944 1718 978 1747 de
998 1718 1100 1746 Taenia
1116 1715 1253 1756 (Naturf.
1274 1728 1326 1758 14,
1343 1726 1371 1755 p.
1386 1718 1473 1756 129.)
1492 1716 1574 1753 cujus
1598 1715 1694 1745 fronti

680 1774 766 1803 etiam
789 1771 979 1806 inscribitur,
1005 1769 1189 1810 quadruplici
1206 1771 1268 1799 vice
1290 1770 1393 1808 saepius
1415 1779 1477 1798 non
1494 1771 1692 1808 repetiveram.

679 1827 931 1857 Hallucinationes
945 1826 1078 1854 virorum
1096 1823 1253 1853 illustrium
1268 1824 1412 1859 indicare,
1438 1834 1525 1862 quum
1542 1825 1574 1852 in
1588 1834 1616 1853 re
1631 1834 1693 1852 non

679 1879 867 1911 controversa
889 1881 1011 1910 nomina
1036 1888 1138 1909 eorum
1163 1878 1396 1919 quotiescunque
1420 1878 1578 1914 celebrare,
1604 1877 1693 1908 satius

679 1935 733 1966 effe
755 1935 836 1965 duxi.

524 2030 559 2070 4‘)
585 2028 690 2071 Caligos
715 2024 874 2058 salmonem
894 2033 929 2058 ex
953 2026 1011 2059 alto
1033 2025 1120 2058 maris
1146 2025 1245 2058 versus
1267 2024 1418 2058 cutm-astas
1439 2035 1544 2066 cogere
1563 2025 1694 2057 vulsraris

679 2082 783 2122 opinio
810 2081 860 2116 est.
