2043 2772
574 260 631 303 14

503 359 698 401 Membra
715 358 904 413 genitalia
919 360 965 400 in
985 356 1145 412 divevss)
1154 357 1265 413 sexu
1284 357 1363 400 duo
1376 360 1445 400 vel
1458 362 1635 413 unicum,
1668 362 1713 401 in

501 429 650 481 cauda,
684 430 729 469 in
746 427 909 482 pestore
931 428 1001 468 vel
1019 429 1066 468 in
1087 429 1277 469 antennis
1294 429 1467 469 condita.

624 565 716 606 Alii
740 566 858 605 vivos
868 563 1002 616 fietus
1016 565 1210 617 pariunt,
1245 563 1320 604 alii
1337 577 1413 604 ova
1426 572 1604 617 ponunt,
1638 564 1711 604 alii

497 631 660 685 diversa
680 631 914 685 tempestate
938 640 1172 684 utrumque.
1241 630 1422 682 Quidam
1449 645 1524 672 ova
1547 646 1570 672 a
1592 640 1709 684 tergo

494 702 610 740 intra
633 709 779 753 corpus
790 697 968 752 servant
984 732 994 751 ‚
1037 711 1125 753 quae
1141 698 1273 752 postea
1297 698 1382 751 fiib
1406 701 1578 739 caudam
1601 712 1710 739 more

494 781 732 809 cancrorum
752 768 934 821 glomere
954 767 1023 807 vel
1044 768 1162 806 unico
1187 767 1255 806 vel
1268 768 1311 806 in
1329 768 1430 807 duos
1453 780 1631 807 racemos
1650 767 1707 806 di-

492 834 578 888 viso
593 835 822 889 affiguntur
829 848 845 885 ,-
879 835 962 874 alia
978 848 1054 874 ova
1069 848 1094 874 a
1110 843 1228 887 tergo
1244 843 1363 874 extra
1377 843 1520 886 corpus
1523 843 1707 887 portant,

492 904 581 952 ubi,
611 903 688 954 nist
702 902 933 956 periculum
954 903 1055 942 vitae
1081 902 1210 941 matri
1237 902 1473 953 immineat,
1509 901 1615 954 pulli
1641 915 1708 941 ex-

493 971 740 1019 cluduntur,
787 969 1011 1023 exclustque
1039 967 1281 1021 adolescunt.
1372 969 1570 1009 Omnibus
1606 965 1713 1009 com?

491 1052 613 1079 nmne
636 1037 710 1091 est,
744 1039 844 1078 dum
864 1039 1038 1078 minima
1057 1049 1174 1090 aquae
1193 1037 1367 1090 guttula
1378 1036 1599 1088 fruantur,
1630 1049 1708 1077 ova

492 1107 560 1147 vel
564 1106 699 1159 pullos¹
714 1107 826 1159 apud
827 1103 879 1158 se
881 1103 1057 1159 servare
1068 1137 1078 1156 ,
1103 1113 1286 1144 extremo
1304 1117 1399 1145 vero
1415 1106 1514 1144 vitae
1533 1118 1704 1144 momen-

492 1183 535 1214 to
549 1187 874 1227 unumquemque
880 1173 1126 1226 protrudere
1143 1172 1309 1225 ejusque
1309 1170 1425 1224 fhrti
1438 1173 1673 1225 relinquere.

617 1310 776 1363 Species
791 1342 801 1361 ,
850 1321 972 1363 qiiam
994 1308 1242 1362 singulatim
1280 1306 1501 1361 destribere
1539 1310 1705 1350 animus

491 1378 562 1432 est,
595 1378 748 1428 majori
771 1368 1022 1431 reliquorum
1048 1389 1216 1416 numero
1241 1376 1402 1429 decuplo
1426 1376 1560 1416 minor
1581 1379 1704 1417 nudis

492 1446 616 1486 oculis
630 1445 831 1496 lineolam,
862 1458 984 1498 quam
1001 1444 1126 1497 vulgo
1145 1456 1310 1482 comma
1329 1456 1532 1492 vocamus,
1549 1444 1677 1496 refert
1684 1458 1702 1495 ;

490 1512 591 1565 lzaec,
615 1513 658 1565 si
670 1512 914 1554 animalcula
930 1513 973 1551 in
988 1511 1127 1564 copula
1144 1509 1508 1563 deprehendantur,
1542 1511 1703 1565 longior

490 1580 543 1633 est
556 1578 724 1634 soloque
749 1588 866 1620 motu
893 1580 1039 1619 vivum
1065 1578 1166 1631 quid
1186 1578 1339 1630 prodit.
1438 1577 1609 1618 Vitrnm
1641 1580 1699 1618 in-

490 1648 748 1702 qutsttorium
780 1647 838 1699 (la
861 1647 989 1700 loupe)
1011 1646 1055 1698 fi
1080 1647 1314 1695 admoveas,
1362 1643 1625 1699 agiliffimum
1651 1645 1700 1688 Εἴ

490 1714 783 1767 vividiffimum
807 1716 990 1754 omnium
1001 1713 1120 1766 forte
1138 1714 1380 1754 animalium
1404 1714 1573 1754 videbis.
1653 1713 1699 1754 Si

491 1793 560 1836 ope
576 1780 826 1835 microleopii
840 1782 1039 1833 rtiajorem
1055 1783 1433 1835 augmentationem
1449 1780 1697 1833 adhibueris,

490 1852 679 1892 miranda
704 1851 794 1902 ejus
805 1849 1019 1902 strztc‘iura
1039 1850 1083 1889 in
1105 1847 1353 1902 confinedium
1357 1846 1490 1901 subit.
1559 1849 1701 1889 Primo*

490 1920 650 1959 intuitu
676 1916 902 1971 Lepismam
937 1915 1208 1957 saeeharinam
1237 1918 1528 1970 quodammodo
1555 1916 1699 1969 refert,⁴

487 1995 534 2027 at
551 1986 735 2039 penitius
757 1983 986 2039 inspicienti
1011 1985 1127 2038 longe
1151 1982 1358 2036 diversum
1371 1981 1422 2036 se
1438 1984 1598 2037 probat.
1637 1981 1639 1983 ’

1535 2121 1628 2161 Cor-
