2043 2772
606 275 696 310 120
925 264 1366 302 POLYPHEMUS.

643 375 751 420 Caput
776 372 973 422 sphaerieum
997 375 1218 419 nigerrimum
1237 373 1368 422 punffis
1383 374 1499 411 lucidis
1516 375 1681 418 chistum,
1703 378 1759 413 vel

537 425 650 475 potius
677 426 783 459 oculus
808 425 1008 469 nigerrimus
1030 435 1139 459 totum
1163 435 1261 472 caput
1282 435 1429 472 occupat.

649 495 784 529 Thorax
811 506 978 528 convexus
1003 493 1042 528 ab
1065 493 1243 529 abdomine
1266 492 1455 533 distinstus,
1493 494 1587 530 lineis
1614 497 1758 541 longitu-

545 543 708 578 dinalibus
733 540 834 577 fuscis
856 541 1056 578 inscribitur.

644 613 765 648 Pefflis
790 611 985 660 impressum
1012 613 1162 647 antennis
1186 611 1244 648 seu
1265 614 1361 647 remis
1382 612 1468 647 binis
1491 612 1696 654 lateralibus;
1724 615 1760 648 hi

543 660 665 696 furcati
690 674 724 695 ac
751 662 1003 696 horizontaliter
1025 661 1146 696 extensi
1170 660 1254 696 sunt.
1323 665 1406 696 Crus
1434 661 1606 709 quodlibet
1636 662 1759 698 constat

544 711 689 745 articulis
719 711 867 758 quinque
890 713 1049 759 apiceque
1071 712 1147 759 pilis
1173 710 1277 746 tribus
1301 712 1437 746 minutis
1453 712 1659 747 terminatur.

643 781 766 815 Pedum
796 791 938 826 quatuor
966 782 1074 828 paria,
1104 791 1237 815 curvat-,1
1265 781 1404 814 articulo
1432 780 1637 827 cylindricO,
1668 782 1762 816 uncis

544 828 650 863 tribus
674 829 728 862 vel
752 840 892 874 quatuor
915 828 1039 864 ferariis
1055 831 1246 869 terminata,
1272 829 1443 864 abdomini
1460 829 1516 863 vel
1528 828 1691 874 junsturae
1707 829 1760 863 ab-

546 878 690 911 dominis
713 889 788 911 cum
810 878 944 911 thorace
969 877 1062 912 affixa
1082 877 1166 912 sunt.

649 939 816 974 Abdomen
845 940 1056 974 incurvatum
1086 939 1265 984 segmentis
1289 939 1477 978 crustaceis,
1509 939 1544 973 in
1565 937 1761 985 quibusdam

547 989 639 1022 luteo
668 989 759 1023 varie
785 987 925 1023 fasci-atis
956 1002 990 1023 ac
1020 988 1163 1034 globulis
1186 988 1349 1023 viridibus
1381 986 1572 1023 distantibus
1596 986 1761 1024 refertum

546 1038 582 1071 in
603 1038 672 1070 aliis
696 1038 899 1084 pellucidum
924 1050 1066 1072 vacuum
1087 1038 1188 1082 globo
1214 1039 1312 1072 unico
1341 1049 1465 1081 magno
1490 1038 1608 1081 nigro,
1632 1038 1668 1071 in
1690 1038 1762 1072 aliis

548 1086 696 1120 albidum
720 1087 969 1121 immaculatum
990 1085 1111 1132 absque
1127 1086 1228 1131 globo
1246 1087 1301 1120 vel
1321 1085 1480 1130 globulis3
1505 1086 1541 1119 hi
1559 1084 1674 1120 forsan
1695 1099 1762 1120 ma-

549 1147 618 1175 res,
650 1136 727 1168 hinc
751 1137 785 1167 in
808 1147 889 1180 aqua
915 1147 989 1168 cum
1012 1134 1146 1172 volitat,
1173 1134 1309 1178 globulo
1339 1134 1437 1176 nigro
1461 1133 1685 1180 cujuscunque
1710 1146 1763 1168 ex-

550 1183 725 1217 tremitatis
751 1181 936 1230 spefstabilis
967 1182 1021 1216 est.
1087 1185 1182 1216 Num
1214 1183 1267 1216 hic
1298 1181 1415 1226 globus
1442 1183 1600 1221 ovarium,
1632 1194 1671 1216 ex
1695 1195 1762 1230 quo

548 1232 684 1281 posthae
706 1245 765 1266 ova
792 1232 910 1265 viridia
939 1244 1001 1279 per
1033 1241 1142 1265 totum
1171 1230 1335 1265 abdomen
1358 1228 1617 1265 diffunduntur?

650 1302 760 1335 C'azlda
780 1310 967 1335 attennuata
987 1300 1158 1335 abdomini
1175 1299 1262 1335 affice
1279 1298 1461 1334 inflefihtur
1477 1312 1511 1333 ac
1534 1298 1619 1334 basin
1639 1300 1763 1347 pedum

551 1351 652 1395 tegit;
682 1351 773 1398 apice
799 1350 964 1397 dependet
981 1351 1140 1395 sjbisulmn
1163 1350 1354 1393 elongatum
1381 1347 1606 1392 geniculatum
1631 1350 1762 1395 crystal-

551 1400 658 1433 linum
675 1424 683 1439 ‚
725 1399 944 1434 lanceolatum
980 1397 1056 1432 setis
1092 1397 1216 1432 duabus
1257 1395 1375 1444 spiculi
1407 1397 1618 1443 longitudine
1651 1399 1762 1433 termi-

550 1459 675 1483 natum.

652 1514 745 1544 Dum
770 1508 868 1541 dorso
897 1509 1041 1546 innatat,
1074 1507 1187 1541 oculus
1213 1505 1348 1540 dimidia
1381 1506 1531 1553 corporis
1564 1509 1762 1551 magnitudi-

552 1571 594 1594 ne
618 1568 773 1605 apparet,
804 1556 928 1591 cintius
961 1555 1103 1604 superne
1127 1556 1236 1589 lunula
1258 1555 1440 1602 pellucida,
1474 1555 1765 1604 immi-dumcauda

552 1609 587 1641 in
614 1606 859 1651 longitudinem
880 1604 1011 1640 extensa
1036 1605 1251 1653 provehitur,
1284 1604 1509 1638 communiter
1531 1614 1641 1639 tamen
1665 1606 1765 1641 cauda

553 1656 723 1691 abdomini
741 1654 829 1691 arae
845 1654 958 1702 junffim
973 1655 1033 1697 est,
1055 1655 1206 1689 antennis
1222 1651 1445 1701 peffioralibus
1461 1654 1549 1687 veris
1564 1655 1664 1689 remis
1681 1653 1763 1690 sem-

550 1717 613 1753 per
637 1704 755 1740 vibrat.

656 1767 707 1801 Ab
728 1768 825 1801 initio
849 1766 980 1802 Mensis
1001 1767 1093 1813 Nlaji
1116 1766 1155 1800 ad
1176 1765 1277 1800 finem
1303 1764 1512 1813 Septembris
1535 1768 1570 1801 in
1595 1767 1686 1813 aquis
1708 1779 1763 1816 pa-

555 1815 709 1851 lustribus
734 1817 766 1850 8<
790 1815 921 1850 lacubus
947 1816 1035 1850 haud
1057 1829 1130 1849 raro
1159 1816 1329 1850 turmatim
1355 1814 1451 1849 adest.

657 1884 730 1918 Nifi
745 1884 959 1931 synonymon
974 1885 1155 1919 Monocoli
1170 1886 1319 1920 Pedicnli
1337 1884 1483 1918 linneani
1506 1884 1582 1918 huic
1599 1886 1695 1919 Gx-:ER
1710 1885 1764 1919 ad-

557 1934 693 1973 diderit,
720 1947 888 1981 nunquam
911 1946 1023 1968 meum
1048 1935 1273 1981 Polyphemum
1296 1935 1358 1968 hoc
1381 1934 1533 1973 nomine,
1557 1946 1630 1968 cum
1652 1933 1694 1968 ob
1717 1935 1766 1968 ni-

554 1985 617 2018 mis
642 1983 743 2017 breve
769 1981 959 2030 specificum
984 1995 1107 2017 nomen
1138 1983 1226 2017 nulla
1254 1981 1378 2029 adjefila
1408 1981 1629 2030 descriptione
1653 1984 1765 2030 Daph-

556 2034 618 2078 niae
653 2040 846 2066 mucroizataer
878 2044 970 2078 aeque
995 2031 1016 2065 fi
1042 2032 1102 2066 ulli
1132 2045 1277 2078 unquam
1309 2032 1481 2070 convenit,
1513 2031 1652 2065 indicari
1674 2029 1763 2079 poffe

558 2079 782 2120 credidissem,
807 2093 866 2115 nec
882 2079 979 2115 facile
997 2080 1037 2115 ad
1053 2081 1255 2116 credendum
1269 2081 1409 2116 inducor
1424 2080 1639 2116 monoculum
1655 2079 1765 2115 secun·

1635 2129 1715 2163 dum
