2043 2772
557 190 586 231 6

491 300 572 341 huc
597 299 766 354 limpida
789 310 892 349 erat,
926 309 965 339 at
989 295 1236 339 increscente
1253 297 1533 353 undecunque
1556 312 1704 353 conge-

492 369 660 419 latione,
690 368 818 409 cauda
837 366 1032 408 ultimum
1051 365 1352 418 infleti-ebatur,
1383 381 1459 407 nec
1485 367 1540 408 ob
1564 368 1710 408 instan-

495 448 579 478 tem
609 437 785 492 glaciem
817 434 955 477 rursus
986 435 1149 476 extendi
1176 447 1360 490 poterat,
1400 436 1574 476 humido
1599 436 1709 476 deni-

494 520 575 560 que
610 519 761 560 corpus
791 503 929 545 insecti
966 504 1173 544 ambiente
1207 503 1442 553 constric‘to,
1485 502 1661 558 scyphus
1688 518 1710 544 a

495 574 658 615 summo
694 574 746 615 ad
781 576 916 614 imum
948 572 1250 626 rumpebatur3
1292 585 1466 626 ruptum
1499 571 1711 627 glacieque

495 642 674 685 farctum
691 641 788 696 gelu
805 639 1101 695 ingravescenti
1117 642 1260 694 viginti
1273 641 1314 682 <Sc
1325 653 1503 695 quatuor
1512 641 1632 682 horas
1644 640 1710 682 ad-

496 712 578 752 huc
602 710 811 760 commisi,
844 710 979 764 sicque
1000 707 1147 750 insecta
1164 722 1260 749 vere
1279 709 1497 750 demortua
1514 711 1615 764 quin
1631 722 1712 749 cre-

497 780 660 830 derem,
693 778 804 819 nulla
820 777 936 819 causa
952 776 1124 818 suberat.
1191 777 1404 827 Quoniam
1419 789 1557 818 autem
1578 776 1711 817 obser-

496 850 679 889 vationes
710 848 927 887 ratiociniis
959 845 1179 899 praevalere
1212 845 1386 897 debent,
1430 858 1581 899 aquam
1616 844 1713 898 gelu

499 915 776 965 constrictam,
818 927 863 955 ut
894 913 1037 954 sentim
1069 911 1353 967 regelasceret,
1394 914 1436 953 in
1465 912 1714 966 tepidarium

501 985 609 1035 mifi,
644 984 839 1025 cadavera
867 983 1266 1023 entomostracorum
1292 980 1418 1036 spatio
1442 982 1586 1035 viginti
1618 994 1715 1035 qua·

500 1066 595 1095 tuor
618 1053 816 1094 horarum
833 1050 1113 1105 saepenumero
1129 1049 1323 1100 invisens,
1358 1061 1496 1090 motus
1519 1063 1619 1090 vero
1639 1062 1715 1089 nec

500 1124 594 1163 vitae
621 1121 753 1162 ullum
777 1120 915 1162 aderat
937 1119 1249 1173 prognosticon
1313 1119 1370 1159 At
1391 1119 1561 1160 crastino
1580 1131 1714 1169 mane,

501 1204 713 1245 utcunque
742 1188 883 1230 oculos
909 1190 952 1227 in
982 1187 1205 1240 regelatam
1236 1200 1387 1241 aquam
1411 1198 1717 1235 converterem,

501 1258 800 1299 entomostraca
815 1269 931 1309 aeque
943 1253 1095 1308 jugiter
1107 1268 1152 1294 ac
1167 1267 1259 1294 ante
1276 1255 1608 1308 congelationem
1624 1267 1719 1294 nan-

503 1329 555 1367 tia
581 1326 623 1367 &
646 1324 840 1374 salientia,
875 1337 1008 1364 mares
1023 1335 1140 1377 aeque
1158 1336 1205 1363 ac
1221 1320 1426 1372 faeminas,
1460 1321 1531 1363 has
1549 1321 1719 1376 quidem

503 1395 675 1437 racemis
708 1392 932 1434 ovulorum
963 1392 1149 1441 onustas,
1197 1404 1283 1432 non
1315 1389 1468 1445 absque
1505 1391 1720 1436 miratione

505 1462 760 1518 conspicatus
776 1460 886 1513 sum,
920 1460 1201 1514 plurimorum
1218 1473 1239 1499 e
1257 1471 1398 1499 contra
1417 1459 1612 1499 cadavera
1632 1456 1721 1498 fun-

507 1533 560 1574 do
579 1530 811 1585 injacentia,
845 1528 938 1569 licet
962 1527 1100 1582 plures
1117 1527 1202 1568 dies
1226 1526 1541 1580 contemplarer,
1575 1527 1722 1572 immo-

508 1614 548 1642 ta
576 1598 850 1655 persistebant.
930 1595 1179 1638 Diverfitatis
1210 1597 1413 1637 rationem
1441 1596 1611 1649 ignoro,
1647 1606 1723 1642 nec

509 1668 754 1722 conje&urae
771 1666 812 1717 w<)
845 1665 1018 1720 placent.
1099 1664 1260 1705 Parvuli
1280 1665 1420 1719 Dytici
1445 1662 1722 1705 cohabitantes

511 1749 676 1778 motum
700 1747 868 1790 quoque
893 1742 1248 1788 recuperaverant.

1535 1826 1659 1869 Enco-

557 1931 591 1969 ὃθ)
616 1927 744 1959 Sumus
769 1928 903 1958 Mutum
926 1924 1101 1955 monoculos
1125 1924 1264 1955 refluente
1289 1925 1362 1954 mari
1388 1921 1557 1958 exsiccatos,
1590 1922 1725 1958 affluente

711 1982 898 2016 reviviscere,
924 1980 1044 2020 quidem
1071 1979 1183 2015 asserit,
1209 1987 1237 2009 at
1260 1979 1444 2009 marinorum
1470 1976 1563 2006 solum
1587 1976 1727 2014 Caligum

711 2047 831 2069 curtum,
863 2037 914 2074 qui
943 2036 973 2063 in
1001 2044 1106 2065 terram
1129 2034 1277 2074 projeetus
1306 2041 1441 2063 mortuus
1460 2030 1602 2070 persistit,
1633 2030 1725 2059 novit.

1606 2085 1682 2114 Infu-
