2043 2772
576 238 630 269 10

633 336 811 376 Plurima
833 336 875 376 &
898 333 983 376 fere
1007 337 1163 383 omnia,
1199 333 1224 374 si
1249 333 1465 377 Limulum
1489 337 1712 390 Gigmltem

506 419 552 447 ac
573 406 862 459 pennigerum,
898 403 1109 457 Argulum
1129 402 1362 456 delplzimtm
1381 403 1421 443 ἃ
1436 406 1711 458 armigerum,

505 473 819 527 Cyclopemque
848 473 1124 512 brevicornem
1155 472 1388 524 exceperis,
1432 470 1587 511 diversa
1619 472 1713 511 anni

503 541 740 595 tempestate
753 553 798 580 ac
815 541 994 592 repetitis
1010 538 1169 579 vicibus
1186 552 1269 579 non
1289 537 1420 578 solum
1440 552 1519 592 ope
1541 538 1711 592 descrip-

503 611 665 649 tionum
689 608 730 648 &
746 609 915 647 ieonum
941 605 1008 647 sed
1031 609 1223 647 vivorum
1249 620 1417 661 quoque
1442 605 1712 661 speciminum

503 677 744 725 collatione,
786 688 831 715 ut
854 674 1187 716 hallucinationes
1215 677 1464 715 evitarentur
1480 706 1491 725 ,
1539 678 1644 716 inter
1675 674 1712 715 se

503 755 738 797 comparata
755 741 857 784 sunt.
924 743 1142 797 Postquam
1163 741 1478 796 descriptionem
1499 742 1711 795 cujuscun-

504 825 584 866 que
601 809 797 860 feceram,
833 810 1127 851 animalculum
1142 810 1264 850 oculo
1281 822 1436 851 armato
1455 808 1587 850 fratris
1611 812 1711 864 opti-

505 881 573 929 mi,
590 878 756 933 pissloris
774 877 1019 929 exafflffimi‚
1033 877 1205 930 subjeci,
1229 877 1294 917 hic
1311 877 1537 931 quamlibet
1550 889 1713 931 partem

501 946 805 1001 perlustrando,
840 946 1037 1000 quicquid
1065 945 1239 997 videret,
1280 945 1547 995 enunciabat,
1590 957 1711 999 atque

503 1015 569 1056 tali
595 1015 723 1055 modo
748 1014 920 1064 collatis,
944 1013 1154 1054 teorreffls
1187 1014 1518 1067 confirmatisqve
1545 1027 1710 1067 percep·

501 1082 681 1123 tionibus
704 1083 745 1123 δε
776 1081 935 1135 judiciis
966 1083 1109 1122 nostris
1132 1081 1363 1122 animalculi
1389 1083 1481 1122 icon
1508 1083 1548 1121 in
1575 1081 1711 1122 charta

501 1151 739 1192 ducebatur.
822 1149 1088 1191 Perfefflores
1117 1161 1256 1189 tamen
1282 1149 1432 1202 figuras
1460 1149 1636 1203 prodere
1670 1151 1712 1189 in

500 1221 606 1259 votis
640 1217 736 1269 fuit,
778 1229 817 1257 at
840 1228 988 1270 praeter
1018 1215 1293 1265 difficultates,
1334 1216 1485 1269 quibus
1509 1219 1712 1270 premitur

499 1287 680 1340 partium
701 1286 956 1324 minutarum
977 1286 1019 1324 in
1036 1283 1287 1324 animalculis
1302 1283 1445 1324 vividis
1462 1297 1507 1324 ac
1525 1297 1711 1324 momen-

500 1365 541 1394 to
575 1364 735 1394 tantum
767 1351 1067 1406 quiescentibus
1097 1340 1377 1401 adumbratio,
1411 1365 1536 1392 nemo
1564 1366 1711 1392 eorum

502 1423 664 1474 copiam
688 1434 765 1474 pro
788 1420 920 1460 lubitu
937 1419 1087 1459 habere
1105 1421 1212 1472 potis
1230 1420 1303 1471 est,
1336 1421 1475 1472 paucis
1502 1422 1611 1460 enim
1635 1419 1712 1460 fre-

501 1501 676 1543 quenter
693 1488 824 1529 obviis
843 1489 1034 1541 exceptis,
1069 1487 1224 1540 reliqua
1240 1486 1432 1527 rarissima
1450 1486 1710 1542 plurimaque

501 1559 657 1597 minuta
676 1556 716 1597 ἃ
731 1556 852 1596 oculo
869 1555 982 1596 nudo
999 1552 1280 1607 inconspicua,
1315 1567 1519 1594 annorum
1538 1554 1639 1608 saepe
1655 1557 1709 1595 in-

501 1624 669 1666 tervallo
694 1624 843 1664 affidue
866 1637 989 1678 aquas
1014 1624 1233 1677 inquirenti
1257 1620 1444 1662 felicibus
1468 1634 1627 1662 tantum
1643 1637 1709 1663 au-

501 1691 631 1746 spiciis
659 1691 898 1732 obveniunt.
986 1691 1031 1730 In
1057 1692 1238 1730 minutiis
1266 1691 1391 1743 igitur
1412 1703 1587 1730 numero
1615 1690 1710 1731 scili-

500 1772 563 1799 cet
580 1757 755 1799 setarum
774 1770 842 1798 aut
860 1758 1126 1798 articulorum
1145 1769 1305 1798 tantum
1322 1757 1451 1807 abest,
1485 1771 1529 1798 ut
1546 1758 1709 1812 scripto-

497 1829 531 1867 ri
553 1837 621 1867 aut
646 1826 791 1879 piE'tori
818 1827 915 1866 vitio
937 1824 1026 1877 jure
1043 1828 1145 1866 verti
1161 1826 1279 1878 poffit
1296 1827 1463 1865 iconum
1482 1826 1522 1866 ἃ
1537 1824 1709 1880 descrip-

497 1897 659 1935 tionum
683 1893 965 1947 discrepantia,
997 1895 1097 1947 quin
1118 1894 1254 1946 potius
1270 1895 1482 1947 utriusque
1504 1895 1707 1947 integrita-

499 1975 583 2002 tem
604 1961 773 2016 probet‚
816 1963 857 2000 in
883 1960 1234 2001 observationibus
1267 1963 1378 2001 enim
1407 1960 1707 2015 microscopicis

497 2029 735 2072 animalium
757 2031 936 2070 maxime
959 2028 1127 2083 agilium
1158 2043 1243 2071 non
1264 2041 1485 2088 quantum,
1520 2030 1705 2084 quando,

1541 2109 1640 2147 quo-
